<?xml version="1.0" encoding="UTF-8"?><collection xmlns="http://www.loc.gov/MARC21/slim"><record><leader>00329nam--2200133-i-4500</leader><controlfield tag="001">000047263</controlfield><controlfield tag="002">20161230</controlfield><controlfield tag="005">20161230201046</controlfield><controlfield tag="008">060222s1000------------r-----000-0-eng-d</controlfield><datafield ind1=" " ind2=" " tag="100"><subfield code="a">Wendt, Gerald</subfield></datafield><datafield ind1=" " ind2=" " tag="245"><subfield code="a">You and the atom</subfield></datafield><datafield ind1=" " ind2=" " tag="260"><subfield code="a">New York, Witside And Unesco, 1956, 96p. Cu Fig</subfield></datafield><datafield ind1=" " ind2=" " tag="490"><subfield code="a">Whiteside Book</subfield></datafield><datafield ind1=" " ind2=" " tag="852"><subfield code="a">12112</subfield></datafield></record></collection>